<record><leader>00000cas a2200000 a 4500</leader><controlfield tag="001">28145473</controlfield><controlfield tag="008">930521d19931999caudn ne      0   a0eng c</controlfield><datafield ind1=" " ind2=" " tag="010"><subfield code="a">sn 95061849 </subfield></datafield><datafield ind1=" " ind2=" " tag="040"><subfield code="a">CPS</subfield><subfield code="b">eng</subfield><subfield code="c">CPS</subfield><subfield code="d">CNK</subfield><subfield code="d">OCLCQ</subfield><subfield code="d">OCLCF</subfield><subfield code="d">OCLCO</subfield></datafield><datafield ind1="1" ind2=" " tag="029"><subfield code="a">AU@</subfield><subfield code="b">000011868847</subfield></datafield><datafield ind1=" " ind2=" " tag="037"><subfield code="b">3825 S. Higuera, P.O. Box 112, San Luis Obispo, CA 93406</subfield></datafield><datafield ind1=" " ind2=" " tag="042"><subfield code="a">pcc</subfield></datafield><datafield ind1=" " ind2=" " tag="043"><subfield code="a">n-us-ca</subfield></datafield><datafield ind1=" " ind2=" " tag="090"><subfield code="a">AN1</subfield><subfield code="b">.S337</subfield></datafield><datafield ind1="0" ind2=" " tag="130"><subfield code="a">San Luis Obispo County telegram-tribune (San Luis Obispo, Calif. : 1993)</subfield></datafield><datafield ind1="1" ind2="0" tag="245"><subfield code="a">San Luis Obispo County telegram-tribune.</subfield></datafield><datafield ind1="3" ind2="0" tag="246"><subfield code="a">Telegram-tribune</subfield></datafield><datafield ind1=" " ind2=" " tag="260"><subfield code="a">[San Luis Obispo, Calif.] :</subfield><subfield code="b">John P. Scripps Newspapers,</subfield><subfield code="c">1993-</subfield></datafield><datafield ind1=" " ind2=" " tag="300"><subfield code="a">v. :</subfield><subfield code="b">ill. ;</subfield><subfield code="c">58 cm.</subfield></datafield><datafield ind1=" " ind2=" " tag="310"><subfield code="a">Daily (except Sun.)</subfield></datafield><datafield ind1="0" ind2=" " tag="362"><subfield code="a">Vol. 124, no. 213 (Apr. 12, 1993)-v. 130, no. 208 (Apr. 6, 1999).</subfield></datafield><datafield ind1=" " ind2="0" tag="651"><subfield code="a">San Luis Obispo County (Calif.)</subfield><subfield code="v">Newspapers.</subfield></datafield><datafield ind1=" " ind2="7" tag="655"><subfield code="a">Newspapers.</subfield><subfield code="2">fast</subfield><subfield code="0">(OCoLC)fst01423814</subfield></datafield><datafield ind1=" " ind2="7" tag="651"><subfield code="a">California</subfield><subfield code="z">San Luis Obispo County.</subfield><subfield code="2">fast</subfield><subfield code="0">(OCoLC)fst01215712</subfield></datafield><datafield ind1=" " ind2=" " tag="752"><subfield code="a">United States</subfield><subfield code="b">California</subfield><subfield code="c">San Luis Obispo</subfield><subfield code="d">San Luis Obispo.</subfield></datafield><datafield ind1="0" ind2="0" tag="780"><subfield code="t">County telegram-tribune</subfield><subfield code="w">(DLC)sn 95061848</subfield><subfield code="w">(OCoLC)19346402</subfield></datafield><datafield ind1="0" ind2="0" tag="785"><subfield code="t">Tribune (San Luis Obispo, Calif.)</subfield><subfield code="w">(DLC)sn 99060634</subfield></datafield></record>